<record><leader>00000cas a22000007a 4500</leader><controlfield tag="001">9303854</controlfield><controlfield tag="008">830311d19641978ohuwr ne      0    0hun d</controlfield><controlfield tag="009">540</controlfield><datafield ind1=" " ind2=" " tag="010"><subfield code="a">sn 83045013 </subfield></datafield><datafield ind1=" " ind2=" " tag="040"><subfield code="a">CRL</subfield><subfield code="b">eng</subfield><subfield code="c">CRL</subfield><subfield code="d">NPW</subfield><subfield code="d">NPY</subfield><subfield code="d">NPI</subfield><subfield code="d">NST</subfield></datafield><datafield ind1=" " ind2=" " tag="012"><subfield code="i">8811</subfield></datafield><datafield ind1="1" ind2=" " tag="029"><subfield code="a">AU@</subfield><subfield code="b">000025808069</subfield></datafield><datafield ind1=" " ind2=" " tag="042"><subfield code="a">msc</subfield></datafield><datafield ind1="0" ind2=" " tag="130"><subfield code="a">Amerikai Magyar vila&#769;g (Cleveland, Ohio)</subfield></datafield><datafield ind1="0" ind2="0" tag="245"><subfield code="a">Amerikai Magyar vila&#769;g =</subfield><subfield code="b">American Hungarian world.</subfield></datafield><datafield ind1="1" ind2="1" tag="246"><subfield code="a">American Hungarian world</subfield></datafield><datafield ind1=" " ind2=" " tag="260"><subfield code="a">Cleveland, [Ohio] :</subfield><subfield code="b">Associated Hungarian Press,</subfield><subfield code="c">1964-1978.</subfield></datafield><datafield ind1=" " ind2=" " tag="300"><subfield code="a">15 v. :</subfield><subfield code="b">ill. ;</subfield><subfield code="c">37-56 cm.</subfield></datafield><datafield ind1=" " ind2=" " tag="310"><subfield code="a">Weekly</subfield></datafield><datafield ind1="0" ind2=" " tag="362"><subfield code="a">1. e&#769;vf., 1. s&#769;z. (1964, ma&#769;rc. 6)-15. evf., 18. sz. (1978, a&#769;pr. 30).</subfield></datafield><datafield ind1=" " ind2=" " tag="500"><subfield code="a">Published on Sunday.</subfield></datafield><datafield ind1=" " ind2=" " tag="500"><subfield code="a">Published simultaneous editions in Cleveland and New York, identical in literary and advertising content.</subfield></datafield><datafield ind1=" " ind2=" " tag="500"><subfield code="a">Publisher varies.</subfield></datafield><datafield ind1=" " ind2=" " tag="521"><subfield code="a">"An independent Hungarian weekly."</subfield></datafield><datafield ind1=" " ind2=" " tag="546"><subfield code="a">In Hungarian.</subfield></datafield><datafield ind1=" " ind2=" " tag="500"><subfield code="a">Editor: Zolta&#769;n Gombos.</subfield></datafield><datafield ind1=" " ind2=" " tag="580"><subfield code="a">Cleveland edition absorbed by: Szabadsa&#769;g, New York edition by: Amerikai Magyar nepszava.</subfield></datafield><datafield ind1="1" ind2=" " tag="700"><subfield code="a">Gombos, Zolta&#769;n.</subfield></datafield><datafield ind1=" " ind2=" " tag="752"><subfield code="a">United States</subfield><subfield code="b">Ohio</subfield><subfield code="c">Cuyahoga</subfield><subfield code="d">Cleveland.</subfield></datafield><datafield ind1="0" ind2=" " tag="775"><subfield code="t">Amerikai Magyar vila&#769;g (New York, N.Y.)</subfield></datafield><datafield ind1="0" ind2="0" tag="780"><subfield code="t">Jo&#769; Pa&#769;sztor (New York, N.Y.)</subfield><subfield code="w">(DLC)sn 84028154</subfield></datafield><datafield ind1="0" ind2="4" tag="785"><subfield code="t">Szabadsa&#769;g (Cleveland, Ohio : 1910)</subfield><subfield code="w">(DLC)sn 83030413</subfield></datafield><datafield ind1=" " ind2=" " tag="850"><subfield code="a">ICRL</subfield></datafield></record>